<?xml version="1.0" encoding="UTF-8"?><collection xmlns="http://www.loc.gov/MARC21/slim"><record><leader>00480nam--2200193-i-4500</leader><controlfield tag="001">000012546</controlfield><controlfield tag="002">20161230</controlfield><controlfield tag="005">20161230201029</controlfield><controlfield tag="008">060222s1000------------r-----000-0-rus-d</controlfield><datafield ind1=" " ind2=" " tag="040"><subfield code="a">IFIN-HH</subfield></datafield><datafield ind1=" " ind2=" " tag="041"><subfield code="a">rus</subfield></datafield><datafield ind1=" " ind2=" " tag="080"><subfield code="a">539.1</subfield></datafield><datafield ind1="1" ind2=" " tag="100"><subfield code="a">Neudacin, V.G</subfield></datafield><datafield ind1="1" ind2="0" tag="245"><subfield code="a">Nuklonnie assotiatii v legkih iadrah</subfield><subfield code="c">V.g. neudacin, iu.f. smirnov</subfield></datafield><datafield ind1=" " ind2=" " tag="260"><subfield code="a">Moskva</subfield><subfield code="b">Nauka</subfield><subfield code="c">1969</subfield></datafield><datafield ind1=" " ind2=" " tag="300"><subfield code="a">414P</subfield></datafield><datafield ind1="1" ind2=" " tag="700"><subfield code="a">Smirnov, Iu.F</subfield></datafield><datafield ind1=" " ind2=" " tag="852"><subfield code="a">33723</subfield><subfield code="c">539</subfield></datafield><datafield ind1=" " ind2=" " tag="CAT"><subfield code="a">Sys</subfield><subfield code="c">20111006</subfield><subfield code="h">114630</subfield></datafield></record></collection>